<collection xmlns="http://www.loc.gov/MARC21/slim">
<record>
  <leader>03070nam0a22004331i 450 </leader>
  <controlfield tag="001">IT\ICCU\CNCE\032263</controlfield>
  <controlfield tag="005">20111123000000.0</controlfield>
  <datafield tag="012" ind1=" " ind2=" ">
    <subfield code="a">e-o- d.d. m.er noqu (3) 1576 (R)</subfield>
    <subfield code="2">fei</subfield>
    <subfield code="9">1</subfield>
  </datafield>
  <datafield tag="012" ind1=" " ind2=" ">
    <subfield code="a">S.95 l.e- i;t. vees (3) 1576 (R)</subfield>
    <subfield code="2">fei</subfield>
    <subfield code="9">2</subfield>
  </datafield>
  <datafield tag="100" ind1=" " ind2=" ">
    <subfield code="a">19971211d1576        0itac0103    ba</subfield>
  </datafield>
  <datafield tag="101" ind1=" " ind2=" ">
    <subfield code="a">LAT</subfield>
  </datafield>
  <datafield tag="102" ind1=" " ind2=" ">
    <subfield code="a">IT</subfield>
  </datafield>
  <datafield tag="200" ind1="1" ind2=" ">
    <subfield code="a">℗Floriani de Sancto Petro iurisc. Bonon. ℗Facundissima, ac eximia, cm̮ in primam, &amp; secundam ff. vet. partem, tum in tres etiam secundae Infortiati insigniores titulos de leg. commentaria. Quibus nonnullorum etiam titulorum explicationem eiusdem non amplius impressam adiectam inuenies, nemp ̈de vsufru. ad exhiben. caeterorumque de quibus in tab. Cum tribus elegantissimis Disputationibus per ipsum public ̈in gymnasio Bononiensi habitis. Necnon &amp; quibusdam alijs eiusdem in Iure Ciuili responsis, siue mauis consilijs. Cum summarijs nouiter additis, copiosissimoque singularum materiarum indice, nunc primm̮ in lucem editis</subfield>
  </datafield>
  <datafield tag="210" ind1=" " ind2=" ">
    <subfield code="a">Bononiae</subfield>
    <subfield code="c">apud Societatem typographiae Bononiensis</subfield>
    <subfield code="d">1576</subfield>
  </datafield>
  <datafield tag="215" ind1=" " ind2=" ">
    <subfield code="a">2 pt.</subfield>
    <subfield code="d">fol</subfield>
  </datafield>
  <datafield tag="300" ind1=" " ind2=" ">
    <subfield code="a">Pt. 2.: Facundissima, ac eximia in tres secundae partis Infortiati insigniores titulos de Legatis, commentaria</subfield>
  </datafield>
  <datafield tag="620" ind1=" " ind2=" ">
    <subfield code="a">IT</subfield>
    <subfield code="d">Bologna</subfield>
  </datafield>
  <datafield tag="700" ind1=" " ind2="1">
    <subfield code="a">Sampieri,</subfield>
    <subfield code="b">Floriano</subfield>
    <subfield code="3">IT\ICCU\CNCA\009420</subfield>
  </datafield>
  <datafield tag="712" ind1="0" ind2="2">
    <subfield code="a">Societ ̉Tipografica Bolognese</subfield>
    <subfield code="3">IT\ICCU\CNCT\000634</subfield>
    <subfield code="4">650</subfield>
  </datafield>
  <datafield tag="790" ind1=" " ind2="0">
    <subfield code="a">Florianus</subfield>
    <subfield code="c"> : de#Sancto Petro</subfield>
    <subfield code="3">IT\ICCU\CNCA\020706</subfield>
    <subfield code="z">Sampieri, Floriano</subfield>
  </datafield>
  <datafield tag="790" ind1=" " ind2="1">
    <subfield code="a">Sancto Petro,</subfield>
    <subfield code="b">Florianus : de</subfield>
    <subfield code="3">IT\ICCU\CNCA\020707</subfield>
    <subfield code="z">Sampieri, Floriano</subfield>
  </datafield>
  <datafield tag="791" ind1="0" ind2="2">
    <subfield code="a">Compagnia della Stampa</subfield>
    <subfield code="c"> &lt;Bologna&gt;</subfield>
    <subfield code="3">IT\ICCU\CNCT\002885</subfield>
    <subfield code="z">Societ ̉Tipografica Bolognese</subfield>
  </datafield>
  <datafield tag="791" ind1="0" ind2="2">
    <subfield code="a">Societas typographiae Bononiensis</subfield>
    <subfield code="3">IT\ICCU\CNCT\005692</subfield>
    <subfield code="z">Societ ̉Tipografica Bolognese</subfield>
  </datafield>
  <datafield tag="801" ind1=" " ind2="3">
    <subfield code="a">IT</subfield>
    <subfield code="b">ICCU</subfield>
    <subfield code="c">20201114</subfield>
  </datafield>
  <datafield tag="899" ind1=" " ind2=" ">
    <subfield code="a">Biblioteca universitaria. Bologna</subfield>
    <subfield code="z">MUTILO</subfield>
    <subfield code="1">BO0098</subfield>
    <subfield code="2">UBO BU</subfield>
  </datafield>
  <datafield tag="899" ind1=" " ind2=" ">
    <subfield code="a"></subfield>
    <subfield code="1">BS0156</subfield>
    <subfield code="2">ZBS 07</subfield>
  </datafield>
  <datafield tag="899" ind1=" " ind2=" ">
    <subfield code="a">Biblioteca Apostolica Vaticana. Citt ̉del Vaticano</subfield>
    <subfield code="1">EX0001</subfield>
    <subfield code="2">ZCV 01</subfield>
  </datafield>
  <datafield tag="899" ind1=" " ind2=" ">
    <subfield code="a">Biblioteca della Facolt ̉di giurisprudenza dell&apos;Universit ̉degli studi di Ferrara. Ferrara</subfield>
    <subfield code="1">FE0068</subfield>
    <subfield code="2">UFE SG</subfield>
  </datafield>
  <datafield tag="899" ind1=" " ind2=" ">
    <subfield code="a">Biblioteca Giovardiana. Veroli</subfield>
    <subfield code="1">FR0072</subfield>
    <subfield code="2">RMS G1</subfield>
  </datafield>
  <datafield tag="899" ind1=" " ind2=" ">
    <subfield code="a">Biblioteca del Dipartimento di diritto privato e storia del diritto dell&apos;Universit ̉degli studi di Milano. Milano</subfield>
    <subfield code="1">MI1334</subfield>
    <subfield code="2">USM L1</subfield>
  </datafield>
  <datafield tag="899" ind1=" " ind2=" ">
    <subfield code="a">Biblioteca Estense Universitaria. Modena</subfield>
    <subfield code="1">MO0089</subfield>
    <subfield code="2">MOD BE</subfield>
  </datafield>
  <datafield tag="899" ind1=" " ind2=" ">
    <subfield code="a">Biblioteca nazionale Vittorio Emanuele III. Napoli</subfield>
    <subfield code="1">NA0079</subfield>
    <subfield code="2">NAP BN</subfield>
  </datafield>
  <datafield tag="899" ind1=" " ind2=" ">
    <subfield code="a">Biblioteca universitaria. Pisa</subfield>
    <subfield code="1">PI0112</subfield>
    <subfield code="2">PIS R1</subfield>
  </datafield>
  <datafield tag="899" ind1=" " ind2=" ">
    <subfield code="a">Biblioteca del Seminario vescovile. Pavia</subfield>
    <subfield code="1">PV0074</subfield>
    <subfield code="2">PAV R1</subfield>
  </datafield>
  <datafield tag="899" ind1=" " ind2=" ">
    <subfield code="a">Biblioteca  Panizzi. Reggio Emilia</subfield>
    <subfield code="1">RE0052</subfield>
    <subfield code="2">RE2 PA</subfield>
  </datafield>
  <datafield tag="899" ind1=" " ind2=" ">
    <subfield code="a">Biblioteca nazionale centrale. Roma</subfield>
    <subfield code="1">RM0267</subfield>
    <subfield code="2">BVE CR</subfield>
  </datafield>
  <datafield tag="899" ind1=" " ind2=" ">
    <subfield code="a">Biblioteca civica Bertoliana. Vicenza</subfield>
    <subfield code="1">VI0096</subfield>
    <subfield code="2">VIA BE</subfield>
  </datafield>
  <datafield tag="911" ind1=" " ind2=" ">
    <subfield code="a">Sui front.</subfield>
    <subfield code="9">IT\ICCU\CNCM\000993</subfield>
  </datafield>
  <datafield tag="921" ind1=" " ind2=" ">
    <subfield code="a">IT\ICCU\CNCM\000993</subfield>
    <subfield code="b">Bologna (donna loricata che tiene con il braccio sinistro la cornucopia e con il destro lo stendardo con la scritta Libertas).</subfield>
    <subfield code="e">Bononia docet</subfield>
    <subfield code="c">U74</subfield>
    <subfield code="d">Dimensioni: 9,1 x 11,4</subfield>
    <subfield code="f">BONONIADOC</subfield>
    <subfield code="g">1574-1596</subfield>
  </datafield>
</record>
</collection>
